@misc{example_ref,
  author       = {},
  title        = {{example}},
  howpublished = {\url{www.google.pl}},
  year         = {}
}

@article{chen_ref,
  author       = {Pan chen, Xiang bai and Wenyu Liu},
  title        = {{Vehicle Color Recognition on an Urban Road by Feature Context. Intelligent Transportation Systems, IEEE Transactions on (TITS)}},
  journal      = {IEEE TRANSACTIONS ON INTELLIGENT TRANSPORTATION SYSTEMS},
  howpublished = {\url{http://cloud.eic.hust.edu.cn:8071/~pchen/project.html}},
  year         = {2014}
}

@article{yolov3,
  title={YOLOv3: An Incremental Improvement},
  author={Redmon, Joseph and Farhadi, Ali},
  journal = {arXiv},
  year={2018}
}

@article{autocentrum,
  author       = {Użytkownik serwisu autocentrum},
  journal      = {autocentrum.pl},
  title        = {{Najpopularniejsze kolory aut}},
  howpublished = {\url{https://www.autocentrum.pl/publikacje/badania-raporty-i-analizy/najpopularniejsze-kolory-aut/}},
  year         = {2009}
}

@article{microsoftazure,
  title={Co to jest uczenie maszynowe?},
  author={Microsoft Azure},
  journal={Microsoft Azure},
  howpublished = {\url{https://azure.microsoft.com/pl-pl/overview/what-is-machine-learning-platform/}},
  year={2021}
}

@article{tommitchel,
  title={Machine Learning},
  author={Tom Mitchell, McGraw Hill},
  howpublished = {\url{http://www.cs.cmu.edu/~tom/mlbook.html}},
  journal={ISBN},
  year={1997}
}

@book{oreilly,
  title={Hands-On Machine Learning with Scikit-Learn and TensorFlow},
  author={Aurélien Géron},
  publisher={OReilly},
  year={2019}
}

@article{ibm,
  title={Czym są sieci neuronowe?},
  author={IBM Cloud Education},
  journal={IBM Cloud Education},
  howpublished = {\url{https://www.ibm.com/pl-pl/cloud/learn/neural-networks}},
  year={2020}
}

@article{sztucznainteligencja,
  title={Słownik- sieci neuronowe},
  journal={sztucznainteligencja.org.pl},
  howpublished = {\url{https://www.sztucznainteligencja.org.pl/definicja/sieci-neuronowe/}},
  year={2021}
}

@article{wstepAGH,  title={Wstęp do sieci neuronowych},
  author={Łukasz Sanocki, mgr inż. Adam Gołda},
  journal={Katedra Elektroniki AGH},
  howpublished = {\url{http://galaxy.uci.agh.edu.pl/~vlsi/AI/wstep/}},
  year={2003/2005}
}

@article{webarchive,
  title={Algorytm wstecznej propagacji błędów},
  author={Użytkownik serwisu IT Blog},
  journal={IT Blog},
  howpublished = {\url{https://web.archive.org/web/20160309093826/http://ac-it.pl/algorytm-wstecznej-propagacji-bledow}},
  year={2012}
}

@article{wikiseg,
  title={Segmentacja obrazu},
  author={Wikipedia},
  journal={Wikipedia},
  howpublished = {\url{https://pl.wikipedia.org/wiki/Segmentacja_obrazu}},
  year={2020}
}

@inproceedings{Su2015/12,
  title={Vehicle Color Recognition in The Surveillance with Deep Convolutional Neural Networks},
  author={Boyang Su and Jie Shao and Jianying Zhou and Xiaoteng Zhang and Lin Mei},
  year={2015/12},
  booktitle={Proceedings of the 2015 Joint International Mechanical, Electronic and Information Technology Conference},
  pages={790-793},
  issn={2352-538X},
  isbn={978-94-6252-129-2},
  url={https://doi.org/10.2991/jimet-15.2015.147},
  doi={https://doi.org/10.2991/jimet-15.2015.147},
  publisher={Atlantis Press}
}

@article{DBLP:journals/corr/RachmadiP15,
  author    = {Reza Fuad Rachmadi and
               I. Ketut Eddy Purnama},
  title     = {Vehicle Color Recognition using Convolutional Neural Network},
  journal   = {CoRR},
  volume    = {abs/1510.07391},
  year      = {2015},
  url       = {http://arxiv.org/abs/1510.07391},
  eprinttype = {arXiv},
  eprint    = {1510.07391},
  timestamp = {Mon, 13 Aug 2018 16:48:10 +0200},
  biburl    = {https://dblp.org/rec/journals/corr/RachmadiP15.bib},
  bibsource = {dblp computer science bibliography, https://dblp.org}
}

@misc{kuartis,
author = {Kuartis},
title = {License Plate Recognition and Vehicle Color Detection},
howpublished= {\url{https://kuartis.com/en/project/plaka-tanima-ve-arac-renk-tanima/}} 
}

@misc{carmen,
author = {AdaptiveRecognition},
title = {Carmen® MMR},
howpublished= {\url{https://adaptiverecognition.com/products/carmen-vehicle-make-and-model-recognition-software/}} 
}

@misc{asura,
author = {milestone},
title = {Asura Vehicle Recognition for Milestone XProtect},
howpublished= {\url{https://www.milestonesys.com/marketplace/asura-technologies-ltd/lpr-and-video-analytics-based-vehicle-recognition-/}} 
}

@misc{numberok,
author = {numberOK},
title = {SDK LPR},
howpublished= {\url{https://number-ok.com/product-line/}} 
}

@misc{coco,
author = {COCO Consortium},
title = {Common Objects in Context},
howpublished= {\url{https://cocodataset.org}} 
}

@article{cnn_wroc,
  title={Splotowe sieci neuronowe},
  author={dr hab. inż. Agnieszka Ławrynowicz},
  journal={Instytut Informatyki Politechniki Poznańskiej},
  howpublished = {\url{http://www.cs.put.poznan.pl/alawrynowicz/SI_ML_CNN_2020_lawrynowicz.pdf}},
  year={2020}
}

@article{cnn_agh,
  title={SZTUCZNA INTELIGENCJA UCZENIE GŁĘBOKIE I GŁĘBOKIE SIECI NEURONOWE},
  author={dr hab., prof. AGH Adrian Horzyk},
  journal={Wydział Elektrotechniki, Automatyki, Informatyki i Inżynierii Biomedycznej AGH},
  howpublished = {\url{https://home.agh.edu.pl/~horzyk/lectures/ai/SztucznaInteligencja-UczenieGłębokichSieciNeuronowych.pdf}},
  year={2018}
}

@misc{nikalosa,
author = {nikalosa},
title = {Vehicle-Make-Color-Recognition},
howpublished= {\url{https://github.com/nikalosa/Vehicle-Make-Color-Recognition}} 
}

@misc{sergorl,
author = {sergorl},
title = {car-color-identification},
howpublished= {\url{https://github.com/sergorl/car-color-identification}} 
}

@misc{saqlain,
author = {SKsaqlain},
title = {Vehicle-Detection-And-Color-Classification},
howpublished= {\url{https://github.com/SKsaqlain/Vehicle-Detection-And-Color-Classification}} 
}

@article{yolo_vis,
author = {Jonathan Hui},
title = {Real-time Object Detection with YOLO, YOLOv2 and now YOLOv3},
journal= {Medium},
howpublished= {\url{https://jonathan-hui.medium.com/real-time-object-detection-with-yolo-yolov2-28b1b93e2088}},
year={2018}
}